<record><leader>00000cas a22000007a 4500</leader><controlfield tag="001">22503005</controlfield><controlfield tag="008">901012d18821uuucoudn ne      0    0eng d</controlfield><datafield ind1=" " ind2=" " tag="010"><subfield code="a">sn 90051783 </subfield></datafield><datafield ind1=" " ind2=" " tag="040"><subfield code="a">CNQ</subfield><subfield code="b">eng</subfield><subfield code="c">CNQ</subfield><subfield code="d">OCLCQ</subfield><subfield code="d">COD</subfield></datafield><datafield ind1=" " ind2=" " tag="042"><subfield code="a">msc</subfield></datafield><datafield ind1="0" ind2="0" tag="245"><subfield code="a">Trinidad daily republican.</subfield></datafield><datafield ind1="1" ind2=" " tag="246"><subfield code="i">&lt;Vol. 1, no. 40 (May 17, 1882)&gt;-v. 1, no. 43 (May 20, 1882) have title:</subfield><subfield code="a">Daily republican</subfield></datafield><datafield ind1=" " ind2=" " tag="260"><subfield code="a">Trinidad, Colo. :</subfield><subfield code="b">A.K. Cutting &amp; Co.</subfield></datafield><datafield ind1=" " ind2=" " tag="300"><subfield code="a">v.</subfield></datafield><datafield ind1=" " ind2=" " tag="310"><subfield code="a">Daily (except Sunday)</subfield></datafield><datafield ind1="1" ind2=" " tag="362"><subfield code="a">Began with vol. 1, no. 1 (Apr. 1, 1882).</subfield></datafield><datafield ind1=" " ind2=" " tag="588"><subfield code="a">Description based on: Vol. 1, no. 1 (Apr. 1, 1882).</subfield></datafield><datafield ind1=" " ind2=" " tag="588"><subfield code="a">Latest issue consulted: Vol. 1, no. 60 (June 9, 1882).</subfield></datafield><datafield ind1=" " ind2=" " tag="752"><subfield code="a">United States</subfield><subfield code="b">Colorado</subfield><subfield code="c">Las Animas</subfield><subfield code="d">Trinidad.</subfield></datafield><datafield ind1="0" ind2="0" tag="780"><subfield code="t">Trinidad republican</subfield><subfield code="w">(DLC)sn 90051782</subfield></datafield></record>